<record><leader>00000cas a22000007a 4500</leader><controlfield tag="001">19527513</controlfield><controlfield tag="008">890410d19331935couwr ne      0    0eng d</controlfield><datafield ind1=" " ind2=" " tag="010"><subfield code="a">sn 89052050 </subfield></datafield><datafield ind1=" " ind2=" " tag="040"><subfield code="a">CNQ</subfield><subfield code="b">eng</subfield><subfield code="c">CNQ</subfield><subfield code="d">OCLCQ</subfield></datafield><datafield ind1=" " ind2=" " tag="042"><subfield code="a">msc</subfield></datafield><datafield ind1="0" ind2="4" tag="245"><subfield code="a">The Greeley booster and the Weld County news.</subfield></datafield><datafield ind1="1" ind2="7" tag="246"><subfield code="a">Greeley booster</subfield></datafield><datafield ind1=" " ind2=" " tag="260"><subfield code="a">Greeley, Weld County, Colo. :</subfield><subfield code="b">Walling, Atterbury &amp; Walling</subfield></datafield><datafield ind1=" " ind2=" " tag="300"><subfield code="a">v.</subfield></datafield><datafield ind1=" " ind2=" " tag="310"><subfield code="a">Weekly</subfield></datafield><datafield ind1="0" ind2=" " tag="362"><subfield code="a">Vol. 21, no. 26 (July 6, 1933)-v. 32, no. 21 (May 24, 1935).</subfield></datafield><datafield ind1=" " ind2=" " tag="530"><subfield code="a">Available on microfilm from the Colorado Historical Society.</subfield></datafield><datafield ind1=" " ind2=" " tag="752"><subfield code="a">United States</subfield><subfield code="b">Colorado</subfield><subfield code="c">Weld</subfield><subfield code="d">Greeley.</subfield></datafield><datafield ind1="0" ind2="0" tag="780"><subfield code="t">Weld County news</subfield><subfield code="w">(DLC)sn 89052049</subfield></datafield><datafield ind1="0" ind2="0" tag="785"><subfield code="t">Greeley booster</subfield><subfield code="w">(DLC)sn 89052051</subfield></datafield></record>